@online{ursachen-studienabbruch,
	author = {Ulrich Heublein and Christopher Hutzsch and Jochen Schreiber and Dieter Sommer and Georg Besuch},
	title = {Ursachen des Studienabbruchs in Bachelor- und in herkömmlichen Studiengängen},
	url = {https://hsdbs.hof.uni-halle.de/documents/t1944.pdf},
	urldate = {2023-04-11},
    date = 2010
}

@online{verbesserung-der-studienorientierung,
    author = {Janina Beckmann and Joachim Gottfried Piepenburg and Lukas Fervers and Marita Jacob},
    title = {Verbesserung der Studienorientierung von unentschiedenen Schülerinnen und Schülern durch Studienberatung? Ergebnisse aus dem Projekt „Frühe Prävention von Studienabbruch“},
    url = {https://link.springer.com/chapter/10.1007/978-3-658-32892-4_14},
    urldate = {2023-04-11},
    date = 2021
}