
@online{heublein_ursachen_2010,
	title = {Ursachen des Studienabbruchs in Bachelor- und in herkömmlichen Studiengängen},
	url = {https://hsdbs.hof.uni-halle.de/documents/t1944.pdf},
	author = {Heublein, Ulrich and Hutzsch, Christopher and Schreiber, Jochen and Sommer, Dieter and Besuch, Georg},
	urldate = {2023-04-11},
	date = {2010},
}

@online{beckmann_verbesserung_2021,
	title = {Verbesserung der Studienorientierung von unentschiedenen Schülerinnen und Schülern durch Studienberatung? Ergebnisse aus dem Projekt „Frühe Prävention von Studienabbruch“},
	url = {https://link.springer.com/chapter/10.1007/978-3-658-32892-4_14},
	author = {Beckmann, Janina and Piepenburg, Joachim Gottfried and Fervers, Lukas and Jacob, Marita},
	urldate = {2023-04-11},
	date = {2021},
}

@online{regensburg_oth_2023,
	title = {Die {OTH} Regensburg - Hochschulprofil},
	url = {https://www.oth-regensburg.de/die-oth/ueber-uns},
	author = {Regensburg, O. T. H.},
	date = {2023},
}

@online{pixijs_pixijs_2023,
	title = {{PixiJS} - The {HTML}5 Creation Engine},
	url = {https://pixijs.com/},
	author = {{PixiJS}},
	date = {2023},
}

@online{threejs_threejs_2023,
	title = {Three.js - {JavaScript} 3D Library},
	url = {https://threejs.org/},
	author = {{Three.js}},
	date = {2023},
}

@online{bostock_d3js_2023,
	title = {D3.js - The {JavaScript} library for bespoke data visualization},
	url = {https://d3js.org/},
	author = {Bostock, Mike and {Observable}},
	date = {2023},
}

@online{inc_d3js_2023,
	title = {D3.js - Interesse im zeitlichen Verlauf},
	url = {https://trends.google.com/trends/explore?date=all&geo=DE&q=%2Fm%2F0k2kwt4&hl=de},
	author = {Inc, Google},
	date = {2023},
}

@online{sweeney_why_2023,
	title = {Why I no longer use D3.js},
	url = {https://medium.com/@PepsRyuu/why-i-no-longer-use-d3-js-b8288f306c9a},
	author = {Sweeney, Paul},
	date = {2023},
}

@online{etimberg_chartjs_2023,
	title = {Chart.js - Simple yet flexible {JavaScript} charting library for the modern web},
	url = {https://www.chartjs.org/},
	author = {{etimberg} and {kurkle} and {benmccann} and {tannerlinsley} and {more}},
	date = {2023},
}

@online{etimberg_paperjs_2023,
	title = {Paper.js - {MouseEvent}},
	url = {http://paperjs.org/reference/mouseevent/},
	author = {{etimberg} and {kurkle} and {benmccann} and {tannerlinsley} and {more}},
	date = {2023},
}

@online{lehni_paperjs_2023,
	title = {Paper.js - The Swiss Army Knife of Vector Graphics Scripting.},
	url = {http://paperjs.org/},
	author = {Lehni, Jürg and Puckey, Jonathan},
	date = {2023},
}

@online{batista_github_2023,
	title = {Github Compare},
	url = {https://www.githubcompare.com/pixijs/pixijs+paperjs/paper.js},
	author = {Batista, Diogo and Correia, Miguel},
	date = {2023},
}

@online{zaytsev_fabricjs_2023,
	title = {Fabric.js is a powerful and simple Javascript {HTML}5 canvas library},
	url = {http://fabricjs.com/},
	author = {Zaytsev, Juriy and Kienzle, Stefan and Bogazzi, Andrea},
	date = {2023},
}

@incollection{schonfeld_fruchtermanreingold_2019,
	location = {Wiesbaden},
	title = {Fruchterman/Reingold (1991): Graph Drawing by Force-Directed Placement},
	isbn = {978-3-658-21742-6},
	url = {https://doi.org/10.1007/978-3-658-21742-6_49},
	abstract = {Mit dem Artikel stellen die Autoren einen Algorithmus vor, der » ästhetisch ansprechende « (p. 1129) Visualisierungen von Graphen erzeugen kann, vergleichsweise schnell arbeitet und simpel zu implementieren ist. Der Algorithmus ist für ungerichtete und damit für die allgemeinste Klasse von Graphen entworfen worden.},
	pages = {217--220},
	booktitle = {Schlüsselwerke der Netzwerkforschung},
	publisher = {Springer Fachmedien Wiesbaden},
	author = {Schönfeld, Mirco and Pfeffer, Jürgen},
	editor = {Holzer, Boris and Stegbauer, Christian},
	date = {2019},
	doi = {10.1007/978-3-658-21742-6_49},
}

@online{jeffares_k-means_2019,
	title = {K-means: A Complete Introduction},
	url = {https://towardsdatascience.com/k-means-a-complete-introduction-1702af9cd8c},
	author = {Jeffares, Alan},
	date = {2019},
}

@online{roth_demonstration_2023,
	title = {Demonstration of k-means assumptions},
	url = {https://scikit-learn.org/stable/auto_examples/cluster/plot_kmeans_assumptions.html},
	author = {Roth, Phil and Amor, Arturo},
	date = {2023},
}

@online{he_classical_2018,
	title = {Classical Multidimensional Scaling},
	url = {https://dorianhe.github.io/Intro-to-Multidimensional-Scaling},
	author = {He, Dorian},
	date = {2018},
}

@online{imperial_multidimensional_2019,
	title = {The Multidimensional Scaling ({MDS}) algorithm for dimensionality reduction},
	url = {https://medium.datadriveninvestor.com/the-multidimensional-scaling-mds-algorithm-for-dimensionality-reduction-9211f7fa5345},
	author = {Imperial, Joseph},
	date = {2019},
}

@online{ceopedia_multidimensional_2018,
	title = {Multidimensional scaling},
	url = {https://ceopedia.org/index.php/Multidimensional_scaling},
	author = {{CEOpedia}},
	date = {2018},
}

@online{wickelmaier_introduction_2003,
	title = {An Introduction to {MDS}},
	url = {https://www.hongfeili.com/files/paper100/paper4.pdf},
	author = {Wickelmaier, Florian},
	date = {2003},
}

@online{team_numpy_2023,
	title = {{NumPy} - The fundamental package for scientific computing with Python},
	url = {https://numpy.org},
	author = {Team, {NumPy}},
	urldate = {2023-02-12},
	date = {2023},
}

@online{developers_scikit-learn_2023,
	title = {scikit-learn: Machine Learning in Python},
	url = {https://scikit-learn.org},
	author = {developers, scikit-learn},
	urldate = {2023-02-12},
	date = {2023},
}

@online{foundation_nodejs_2023,
	title = {Node.js},
	url = {https://nodejs.org},
	author = {Foundation, {OpenJS}},
	urldate = {2023-02-12},
	date = {2023},
}

@online{foundation_express_2023,
	title = {Express - Node.js web application framework},
	url = {https://expressjs.com},
	author = {Foundation, {OpenJS}},
	urldate = {2023-02-12},
	date = {2023},
}

@misc{hachmeister_einflussfaktoren_2023,
	title = {Einflussfaktoren der Studienentscheidung},
	author = {Hachmeister, Cort-Denis and Harde, Maria E. and Langer, Markus F.},
	date = {2023-12-15},
}

@online{uniturmde_studiumsfinder_2023,
	title = {Studiumsfinder},
	url = {https://www.uniturm.de/studienwahl/studiumsfinder},
	author = {{Uniturm.de}},
	urldate = {2023-05-12},
	date = {2023},
}

@online{company_mbti_2023,
	title = {{MBTI}® Persönlichkeitstypen},
	url = {https://eu.themyersbriggs.com/de-DE/tools/MBTI/MBTI-personality-Types},
	author = {Company, The Myers-Briggs},
	urldate = {2023-02-12},
	date = {2023},
}

@misc{preim_interaktive_2010,
	title = {Interaktive Systeme: Band 1: Grundlagen, Graphical User Interfaces, Informationsvisualisierung},
	author = {Preim, Bernhard and Dachselt, Raimund},
	date = {2010-09-08},
}

@online{domainfactory_beliebtesten_2023,
	title = {Die beliebtesten Web Application Frameworks im Überblick},
	url = {https://www.df.eu/blog/die-beliebtesten-web-application-frameworks/},
	abstract = {Wer moderne Web Apps entwickeln möchte, kann auf viele nützliche Werkzeuge zurückgreifen. Wir zeigen dir hier die wichtigsten Web Application Frameworks.},
	author = {{DomainFactory}},
	urldate = {2024-02-11},
	date = {2023-11-15},
	langid = {german},
	file = {Snapshot:/Users/andreashuber/Zotero/storage/AAY7A9H2/die-beliebtesten-web-application-frameworks.html:text/html},
}

@online{greif_state_2022,
	title = {State of {JavaScript} 2022: Front-end Frameworks},
	url = {https://2022.stateofjs.com/en-US/libraries/front-end-frameworks/},
	shorttitle = {State of {JavaScript} 2022},
	abstract = {The 2022 edition of the annual survey about the latest trends in the {JavaScript} ecosystem.},
	titleaddon = {State of {JavaScript} 2022},
	author = {Greif, Sacha and Burel, Eric},
	urldate = {2024-02-11},
	date = {2022},
	langid = {english},
	file = {Snapshot:/Users/andreashuber/Zotero/storage/87BRPZFL/front-end-frameworks.html:text/html},
}

@online{google_inc_angular_2023,
	title = {Angular - What is Angular?},
	url = {https://angular.io/guide/what-is-angular},
	titleaddon = {Angular - What is Angular?},
	author = {Google Inc.},
	urldate = {2024-02-11},
	date = {2023-08-15},
	file = {Angular - What is Angular?:/Users/andreashuber/Zotero/storage/SWZM6YCM/what-is-angular.html:text/html},
}

@online{mozilla_corporation_html_2023,
	title = {{HTML}: {HyperText} Markup Language {\textbar} {MDN}},
	url = {https://developer.mozilla.org/en-US/docs/Web/HTML},
	shorttitle = {{HTML}},
	abstract = {{HTML} ({HyperText} Markup Language) is the most basic building block of the Web. It defines the meaning and structure of web content. Other technologies besides {HTML} are generally used to describe a web page's appearance/presentation ({CSS}) or functionality/behavior ({JavaScript}).},
	titleaddon = {{HTML}: {HyperText} Markup Language},
	author = {Mozilla Corporation},
	urldate = {2024-02-11},
	date = {2023-07-18},
	langid = {american},
	file = {Snapshot:/Users/andreashuber/Zotero/storage/23GEG2MA/HTML.html:text/html},
}

@online{mozilla_corporation_what_2024,
	title = {What is {CSS}? - Learn web development {\textbar} {MDN}},
	url = {https://developer.mozilla.org/en-US/docs/Learn/CSS/First_steps/What_is_CSS},
	shorttitle = {What is {CSS}?},
	abstract = {You made it to the end of the article! Now that you have some understanding of what {CSS} is, let's move on to Getting started with {CSS}, where you can start to write some {CSS} yourself.},
	titleaddon = {What is {CSS}?},
	author = {Mozilla Corporation},
	urldate = {2024-02-11},
	date = {2024-01-01},
	langid = {american},
	file = {Snapshot:/Users/andreashuber/Zotero/storage/4P2I46B3/What_is_CSS.html:text/html},
}

@online{google_llc_angular_2024,
	title = {Angular Material {UI}},
	url = {https://material.angular.io/},
	abstract = {{UI} component infrastructure and Material Design components for Angular web applications.},
	titleaddon = {Angular Material {UI}},
	author = {Google {LLC}},
	urldate = {2024-02-11},
	date = {2024},
	langid = {american},
	file = {Snapshot:/Users/andreashuber/Zotero/storage/EVK4AM3I/material.angular.io.html:text/html},
}
